@book{larman_applyingUmlAndPatterns_2003,
  address = {Upper Saddle River, NJ, USA},
  author = {Larman, Craig},
  publisher = {Prentice Hall PTR},
  title = {UML y Patrones: Una introducción al análisis y diseño orientado a objetos y al proceso unificado},
  year = 2003
}

